%-- This BibTeX bibliography file was created using BibDesk.
%- http://bibdesk.sourceforge.net/

%--- Create by Jonas Alessi 15/07/2013
%--- Saved with string encoding Unicode (UTF-8) 


@misc{abntex2-wiki-como-customizar,
	Author = {abnTeX2},
	Date-Added = {2013-03-23 21:39:21 +0000},
	Date-Modified = {2013-03-23 21:44:20 +0000},
	Howpublished = {Wiki do abnTeX2},
	Keywords = {wiki},
	Title = {Como customizar o abnTeX2},
	Url = {https://code.google.com/p/abntex2/wiki/ComoCustomizar},
	Urlaccessdate = {10.7.2013},
	Year = {2013},
	Bdsk-Url-1 = {https://code.google.com/p/abntex2/wiki/ComoCustomizar}}

@book{doxiadis1965,
	Author = {Rover Ardinete},
	Date-Added = {2012-04-23 11:34:20 +0000},
	Date-Modified = {2012-04-23 11:34:20 +0000},
	Publisher = {Editora Unoesc},
	Title = {Diretrizes para elaboração de trabalhos científicos},
	Year = {2013}}