%-- This BibTeX bibliography file was created using BibDesk.
%- http://bibdesk.sourceforge.net/

%--- Create by Jonas Alessi 15/07/2013
%--- Saved with string encoding Unicode (UTF-8) 



@misc{abntex2-wiki-como-customizar,
	Author = {abnTeX2},
	Date-Added = {2013-03-23 21:39:21 +0000},
	Date-Modified = {2013-03-23 21:44:20 +0000},
	Howpublished = {Wiki do abnTeX2},
	Keywords = {wiki},
	Title = {Como customizar o abnTeX2},
	Url = {https://code.google.com/p/abntex2/wiki/ComoCustomizar},
	Urlaccessdate = {10.7.2013},
	Year = {2013},
	Bdsk-Url-1 = {https://code.google.com/p/abntex2/wiki/ComoCustomizar}}


@book{livro-unoesc,
  title = {Diretrizes para elaboração de trabalhos científicos},
  publisher = {Editora Unoesc},
  year = {2013},
  author = {Ardinete Rover},
  timestamp = {2013.07.18}
}

@manual{abntex2modelo,
	Annote = {Este documento {\'e} derivado do \cite{abnt-bibtex-doc}},
	Author = {abnTeX2},
	Date-Added = {2013-01-12 22:55:32 +0000},
	Date-Modified = {2013-01-15 01:15:37 +0000},
	Organization = {Equipe abnTeX2},
	Title = {Modelo Can{\^o}nico de Trabalho Acad{\^e}mico com abnTeX2},
	Url = {http://code.google.com/p/abntex2/},
	Year = {2013},
	Bdsk-Url-1 = {http://code.google.com/p/abntex2/}}
	
@manual{memoir,
		Address = {Normandy Park, WA},
		Author = {Peter Wilson and Lars Madsen},
		Date-Added = {2013-01-09 10:37:50 +0000},
		Date-Modified = {2013-01-09 10:37:50 +0000},
		Organization = {The Herries Press},
		Title = {The Memoir Class for Configurable Typesetting - User Guide},
		Url = {http://ctan.tche.br/macros/latex/contrib/memoir/memman.pdf},
		Urlaccessdate = {19.12.2012},
		Year = {2010},
		Bdsk-Url-1 = {http://ctan.tche.br/macros/latex/contrib/memoir/memman.pdf}}